@misc{itu2009,
  author = "{ITU}",
  title = "International Morse Code",
  year = "2009",
  month = "Oct.",
  note = "ITU-R Recommendation M.1677-1",
  url = "https://www.itu.int/rec/R-REC-M.1677-1-200910-I/"
}

@misc{morsecode-tree,
  title = "{Morse-code-tree.svg}",
  author = "Wikimedia Commons",
  year = "2006",
  month = "Dec.",
  url = "https://commons.wikimedia.org/wiki/File:Morse-code-tree.svg"
}
